<?xml version="1.0" encoding="UTF-8"?><collection xmlns="http://www.loc.gov/MARC21/slim"><record><leader>00598nam--2200181-i-4500</leader><controlfield tag="001">000024699</controlfield><controlfield tag="002">20161230</controlfield><controlfield tag="005">20161230201035</controlfield><controlfield tag="008">060222s1000------------r-----000-0-fre-d</controlfield><datafield ind1=" " ind2=" " tag="040"><subfield code="a">IFIN-HH</subfield></datafield><datafield ind1=" " ind2=" " tag="041"><subfield code="a">fre</subfield></datafield><datafield ind1=" " ind2=" " tag="080"><subfield code="a">539.141(043)</subfield></datafield><datafield ind1="1" ind2=" " tag="100"><subfield code="a">Hammann, Theophile F</subfield></datafield><datafield ind1="1" ind2="0" tag="245"><subfield code="a">Forces realistes non locales, et leur importance pour la connaissance de proprietes microscopiques de la matiere nucleaire et des noyaux</subfield><subfield code="b">These</subfield><subfield code="c">Theophile f. hammann</subfield></datafield><datafield ind1=" " ind2=" " tag="260"><subfield code="a">Strasbourg</subfield><subfield code="b">Universite</subfield><subfield code="c">1970</subfield></datafield><datafield ind1=" " ind2=" " tag="300"><subfield code="a">74 P. + 25 FIG. + VXIII TAB</subfield></datafield><datafield ind1=" " ind2=" " tag="852"><subfield code="a">77105</subfield><subfield code="c">539.14</subfield></datafield><datafield ind1=" " ind2=" " tag="CAT"><subfield code="a">Sys</subfield><subfield code="c">20120405</subfield><subfield code="h">170652</subfield></datafield></record></collection>